@article{oluwadare2019overview,
  title={An overview of methods for reconstructing 3-D chromosome and genome structures from Hi-C data},
  author={Oluwadare, Oluwatosin and Highsmith, Max and Cheng, Jianlin},
  journal={Biological procedures online},
  volume={21},
  number={1},
  pages={1--20},
  year={2019},
  publisher={BioMed Central}
}

@article{mackay2020computational,
  title={Computational methods for predicting 3D genomic organization from high-resolution chromosome conformation capture data},
  author={MacKay, Kimberly and Kusalik, Anthony},
  journal={Briefings in functional genomics},
  volume={19},
  number={4},
  pages={292--308},
  year={2020},
  publisher={Oxford University Press}
}

@article{zhou20213d,
  title={The 3D genome structure of single cells},
  author={Zhou, Tianming and Zhang, Ruochi and Ma, Jian},
  journal={Annual review of biomedical data science},
  volume={4},
  pages={21--41},
  year={2021},
  publisher={Annual Reviews}
}

@article{li2023techniques,
  title={Techniques for and challenges in reconstructing 3D genome structures from 2D chromosome conformation capture data},
  author={Li, Zilong and Portillo-Ledesma, Stephanie and Schlick, Tamar},
  journal={Current Opinion in Cell Biology},
  volume={83},
  pages={102209},
  year={2023},
  publisher={Elsevier}
}

@article{li2020comparison,
  title={Comparison of computational methods for 3D genome analysis at single-cell Hi-C level},
  author={Li, Xiao and An, Ziyang and Zhang, Zhihua},
  journal={Methods},
  volume={181},
  pages={52--61},
  year={2020},
  publisher={Elsevier}
}

@article{kos2021perspectives,
  title={Perspectives for the reconstruction of 3D chromatin conformation using single cell Hi-C data},
  author={Kos, Pavel I and Galitsyna, Aleksandra A and Ulianov, Sergey V and Gelfand, Mikhail S and Razin, Sergey V and Chertovich, Alexander V},
  journal={PLoS Computational Biology},
  volume={17},
  number={11},
  pages={e1009546},
  year={2021},
  publisher={Public Library of Science San Francisco, CA USA}
}

@article{fang2022mapping,
  title={Mapping nucleosome and chromatin architectures: A survey of computational methods},
  author={Fang, Kun and Wang, Junbai and Liu, Lu and Jin, Victor X},
  journal={Computational and Structural Biotechnology Journal},
  year={2022},
  publisher={Elsevier}
}

@article{moon2018manifold,
  title={Manifold learning-based methods for analyzing single-cell RNA-sequencing data},
  author={Moon, Kevin R and Stanley III, Jay S and Burkhardt, Daniel and van Dijk, David and Wolf, Guy and Krishnaswamy, Smita},
  journal={Current Opinion in Systems Biology},
  volume={7},
  pages={36--46},
  year={2018},
  publisher={Elsevier}
}

@article{galitsyna2021single,
  title={Single-cell Hi-C data analysis: safety in numbers},
  author={Galitsyna, Aleksandra A and Gelfand, Mikhail S},
  journal={Briefings in bioinformatics},
  volume={22},
  number={6},
  pages={bbab316},
  year={2021},
  publisher={Oxford University Press}
}

@article{zhang2020advances,
  title={Advances in technologies for 3D genomics research},
  author={Zhang, Yan and Li, Guoliang},
  journal={Science China Life Sciences},
  volume={63},
  pages={811--824},
  year={2020},
  publisher={Springer}
}

@inproceedings{ulianov2022two,
  title={The two waves in single-cell 3D genomics},
  author={Ulianov, Sergey V and Razin, Sergey V},
  booktitle={Seminars in Cell \& Developmental Biology},
  volume={121},
  pages={143--152},
  year={2022},
  organization={Elsevier}
}

@article{wen2022recent,
  title={Recent advances in single-cell sequencing technologies},
  author={Wen, Lu and Tang, Fuchou},
  journal={Precision clinical medicine},
  volume={5},
  number={1},
  pages={pbac002},
  year={2022},
  publisher={Oxford University Press}
}